<?xml version="1.0" encoding="UTF-8"?><collection><record><leader>06382ntm a2200565 a 4500</leader><controlfield tag="001">006796279</controlfield><controlfield tag="003">MiAaHDL</controlfield><controlfield tag="005">20190719000000.0</controlfield><controlfield tag="006">m        d        </controlfield><controlfield tag="007">cr bn ---auaua</controlfield><controlfield tag="008">090521m148517uutu            00| ||ara d</controlfield><datafield tag="035" ind1=" " ind2=" "><subfield code="a">(MiU)006796279</subfield></datafield><datafield tag="035" ind1=" " ind2=" "><subfield code="a">sdr-miu006796279</subfield></datafield><datafield tag="040" ind1=" " ind2=" "><subfield code="a">MiU</subfield><subfield code="c">MiU</subfield><subfield code="e">amremm</subfield></datafield><datafield tag="043" ind1=" " ind2=" "><subfield code="a">n-us-mi</subfield></datafield><datafield tag="245" ind1="0" ind2="0"><subfield code="6">880-03</subfield><subfield code="a">[Calligraphic specimen,</subfield><subfield code="f">late 15th or early 16th century and 18th century].</subfield></datafield><datafield tag="260" ind1=" " ind2=" "><subfield code="a">[Istanbul?,</subfield><subfield code="c">1485-1520 and 17--].</subfield></datafield><datafield tag="300" ind1=" " ind2=" "><subfield code="a">6 panels :</subfield><subfield code="b">paper ;</subfield><subfield code="c">260 x 180 (177 x 88) mm.</subfield></datafield><datafield tag="500" ind1=" " ind2=" "><subfield code="a">Shelfmark: Ann Arbor, University of Michigan, Special Collections Library, Isl. Ms. 236</subfield></datafield><datafield tag="500" ind1=" " ind2=" "><subfield code="a">Origin: Lacks dated colophon, but at the close includes four statements each attesting to its authenticity as a specimen in the hand of 'the late shaykh,' likely Şeyh Hamdullah of Amasya (d.1519 or 20). Signators of the statements include Eğrikapılı Mehmet Râsim Efendi (d.1756), renowned student of Seyyid Abdullah of Yedikule (d.1731), accompanied by his seal ; Seyyid Abdullah's son and student Emirefendizade Seyyid Abdülhalim (d.1759), accompanied by his seal dated 1135 [1722 or 3] ; likely Yahya Fahrettin (d.1756), student of İkinci Derviş Ali (d.1716) ; and possibly Yahya b. İsmail (Kirişci) (d.1759). Thus the calligraphy would have been executed in the early 16th century (if not late 15th century), and signatures, initial piecing, etc. in the first half of the 18th century. Mounting possibly later.</subfield></datafield><datafield tag="500" ind1=" " ind2=" "><subfield code="a">Former shelfmark: "553 T. De M. [i.e. Tammaro De Marinis]" inscribed in pencil on interior of lower cover.</subfield></datafield><datafield tag="500" ind1=" " ind2=" "><subfield code="a">Binding: Pasteboards covered in light brown leather ; Type III binding (without flap) ; board linings in magenta-tinted, gold-flecked paper ; upper and lower covers carry tooled and gold-painted frames each consisting of a guilloché roll flanked by gold fillets ; panels hinged together with green silk (possibly once in accordion format) ; overall in good condition with only minor abrasion.</subfield></datafield><datafield tag="500" ind1=" " ind2=" "><subfield code="a">Support: Written area on well worn leaves, pieced, set into an elaborate frame in several different laid papers (pink-tinted, yellow-tinted, magenta-tinted and gold-flecked, and blue-tinted and gold-flecked, though colors of facing panels match), and mounted on other leaves of gold-flecked, magenta-tinted, European laid paper with watermarks of "F C" under three stars and three hats.</subfield></datafield><datafield tag="500" ind1=" " ind2=" "><subfield code="a">Decoration: Illuminated floral vegetal pieces appear in panels flanking the written area on each of the first four pages, consisting of a central floral piece filled with a vegetal decoration in gold, pink, red, white, and blue continued as cornerpieces on a blue ground ; each of these decorative panels is surrounded by an elaborate frame in pink, gold interlace, and blue ; decoration of final page forms an elegant illuminated tailpiece continuing the vegetal pattern in pink, red, orange, white, and green on fields of blue and gold and accommodating the close of the text as well as the four statements of authenticity ; textual dividers in the form of illuminated rosettes with blue, red and white accents appear throughout.</subfield></datafield><datafield tag="500" ind1=" " ind2=" "><subfield code="a">Script: Fine specimen of Ottoman calligraphy ; an elegant naskh, partially seriffed, with very slight tilt to the left and some sweeping descenders.</subfield></datafield><datafield tag="500" ind1=" " ind2=" "><subfield code="a">Layout: Written in 12-15 lines per page ; frame-ruled.</subfield></datafield><datafield tag="500" ind1=" " ind2=" "><subfield code="a">Collation: Six 'panels' (mounted leaves) hinged together with silk ; all originally joined back to back at both edges, now only at one edge except for two of the six ; opens vertically.</subfield></datafield><datafield tag="500" ind1=" " ind2=" "><subfield code="a">Explicit: "اللهم انصر من نصر الدين واخذل من خذل المسلمين امين يا رب العالمين برحمتك يا ارحم الراحمين"</subfield></datafield><datafield tag="500" ind1=" " ind2=" "><subfield code="a">Incipit: "صدق الله العظيم وبلغ رسوله الكريم ونحن على ما قال ربنا وخالقنا ورازقنا مولينا من الشاهدين اللهم ربنا تقبل منا ختم القرآن ..."</subfield></datafield><datafield tag="500" ind1=" " ind2=" "><subfield code="a">Title supplied by cataloguer.</subfield></datafield><datafield tag="500" ind1=" " ind2=" "><subfield code="a">Ms. codex.</subfield></datafield><datafield tag="510" ind1="4" ind2=" "><subfield code="a">Nikolaev, Vsevolod. Watermarks of the mediaeval Ottoman documents in Bulgarian libraries. In Watermarks of the Ottoman Empire, volume 1. Sofia: Bulgarian Academy of Sciences, 1954.</subfield></datafield><datafield tag="510" ind1="4" ind2=" "><subfield code="a">Rado, Şevket. Türk hattatları : XV. yüzyıldan günümüze kadar gelmiş ünlü hattatların hayatları ve yazılarından örnekler. (Istanbul : Yayın Matbaacılık Ticaret Limited Şti., [1984?]),</subfield><subfield code="c">pp.157-158 ; 163.</subfield></datafield><datafield tag="510" ind1="4" ind2=" "><subfield code="a">Serin, Muhittin. “Amerika Birleşik Devletleri’ndeki Bazı Kütüphanelerde Bulunan İslam El Yazma Eserleri ve Michigan Üniversitesi II. Abdülhamid Koleksiyonu,” Akademik Araştırmalar Dergisi 2, 4-5, (2000).</subfield></datafield><datafield tag="510" ind1="4" ind2=" "><subfield code="a">Derman, M. Uğur. Letters in gold : Ottoman calligraphy from the Sakıp Sabancı collection, Istanbul. (New York : Metropolitian Museum of Art : Distributed by H.N. Abrams, c1998),</subfield><subfield code="c">pp.46-49 ; 78 ; 82 ; 83.</subfield></datafield><datafield tag="520" ind1="8" ind2=" "><subfield code="a">Exquisite album of calligraphy (muraqqaʻ or murakkaa) employing a prayer text (duʻāʼ), likely executed by the master Ottoman calligrapher, Şeyh Hamdullah of Amasya (d.1520).</subfield></datafield><datafield tag="538" ind1=" " ind2=" "><subfield code="a">Mode of access: Internet.</subfield></datafield><datafield tag="541" ind1=" " ind2=" "><subfield code="c">Purchase ;</subfield><subfield code="a">Acquired by purchase (funds donated by Horace Rackham).</subfield><subfield code="d">1924.</subfield></datafield><datafield tag="546" ind1=" " ind2=" "><subfield code="a">Arabic.</subfield></datafield><datafield tag="561" ind1=" " ind2=" "><subfield code="a">Inscriptions in pencil on interior of lower cover "553 T. De M. [i.e. Tammaro De Marinis]" ; seal impressions of Eğrikapılı Mehmet Râsim Efendi (d.1756) and Emirefendizade Seyyid Abdülhalim (d.1759) appear with their autographs at close ; clean copy.</subfield></datafield><datafield tag="650" ind1=" " ind2="0"><subfield code="a">Manuscripts, Arabic</subfield><subfield code="z">Michigan</subfield><subfield code="z">Ann Arbor.</subfield></datafield><datafield tag="650" ind1=" " ind2="0"><subfield code="a">Islamic calligraphy</subfield><subfield code="v">Specimens.</subfield></datafield><datafield tag="650" ind1=" " ind2="0"><subfield code="a">Writing, Arabic</subfield><subfield code="v">Specimens.</subfield></datafield><datafield tag="650" ind1=" " ind2="0"><subfield code="a">Calligraphy, Arabic</subfield><subfield code="v">Specimens.</subfield></datafield><datafield tag="650" ind1=" " ind2="0"><subfield code="a">Islam</subfield><subfield code="v">Prayers and devotions</subfield><subfield code="v">Early works to 1800.</subfield></datafield><datafield tag="700" ind1="0" ind2=" "><subfield code="a">Abdülhamid</subfield><subfield code="b">II,</subfield><subfield code="c">Sultan of the Turks,</subfield><subfield code="d">1842-1918,</subfield><subfield code="e">former owner.</subfield></datafield><datafield tag="700" ind1="0" ind2=" "><subfield code="6">880-04</subfield><subfield code="a">Şeyh Hamdullah,</subfield><subfield code="d">1436 or 1437-1519 or 1520.</subfield><subfield code="e">calligrapher.</subfield></datafield><datafield tag="773" ind1="0" ind2=" "><subfield code="a">Abdul Hamid Collection.</subfield></datafield><datafield tag="880" ind1="0" ind2=" "><subfield code="6">700-04/</subfield><subfield code="a">شيخ حمد الله،</subfield><subfield code="e">خطاط.</subfield></datafield><datafield tag="880" ind1="0" ind2="0"><subfield code="6">245-03/</subfield><subfield code="a">[مرقع حسن الخط,</subfield><subfield code="f">اواخر القرن 15 او اوائل القرن 16م والقرن 18م].</subfield></datafield><datafield tag="CID" ind1=" " ind2=" "><subfield code="a">006796279</subfield></datafield><datafield tag="DAT" ind1="0" ind2=" "><subfield code="a">20190719102636.0</subfield><subfield code="b">20190719000000.0</subfield></datafield><datafield tag="DAT" ind1="1" ind2=" "><subfield code="a">20190719090653.0</subfield><subfield code="b">2019-07-19T16:11:02Z</subfield></datafield><datafield tag="DAT" ind1="2" ind2=" "><subfield code="a">2015-10-02T18:00:03Z</subfield></datafield><datafield tag="CAT" ind1=" " ind2=" "><subfield code="a">SDR-MIU</subfield><subfield code="d">EX LIBRIS - ALEPH</subfield><subfield code="l">prepare.pl-004-008</subfield></datafield><datafield tag="FMT" ind1=" " ind2=" "><subfield code="a">BK</subfield></datafield><datafield tag="HOL" ind1=" " ind2=" "><subfield code="0">sdr-miu006796279</subfield><subfield code="a">MiU</subfield><subfield code="b">SDR</subfield><subfield code="c">MIU</subfield><subfield code="p">mdp.39015079126051</subfield><subfield code="s">MIU</subfield><subfield code="1">006796279</subfield></datafield><datafield tag="974" ind1=" " ind2=" "><subfield code="b">MIU</subfield><subfield code="c">MIU</subfield><subfield code="d">20190719</subfield><subfield code="s">lit-dlps-dc</subfield><subfield code="u">mdp.39015079126051</subfield><subfield code="y">1799</subfield><subfield code="r">pd</subfield><subfield code="q">bib</subfield><subfield code="t">non-US bib date2, date type m &lt; 1896</subfield></datafield></record></collection>